<record><leader>00000cas a22000007a 4500</leader><controlfield tag="001">13276397</controlfield><controlfield tag="008">860310d19281955wiuwr ne      0    0eng d</controlfield><datafield ind1=" " ind2=" " tag="010"><subfield code="a">sn 86086354 </subfield></datafield><datafield ind1=" " ind2=" " tag="040"><subfield code="a">NPV</subfield><subfield code="b">eng</subfield><subfield code="c">NPV</subfield><subfield code="d">OCLCQ</subfield></datafield><datafield ind1=" " ind2=" " tag="042"><subfield code="a">msc</subfield></datafield><datafield ind1=" " ind2=" " tag="045"><subfield code="a">x2x5</subfield></datafield><datafield ind1=" " ind2=" " tag="052"><subfield code="a">4123</subfield><subfield code="b">W6</subfield><subfield code="b">O8</subfield></datafield><datafield ind1="0" ind2="0" tag="245"><subfield code="a">New London press-republican.</subfield></datafield><datafield ind1="1" ind2="3" tag="246"><subfield code="a">Victory volunteer</subfield></datafield><datafield ind1="1" ind2="3" tag="246"><subfield code="a">Press-republican</subfield></datafield><datafield ind1=" " ind2=" " tag="260"><subfield code="a">New London, Wis. :</subfield><subfield code="b">Press-Republican, Inc.,</subfield><subfield code="c">1928-1955.</subfield></datafield><datafield ind1=" " ind2=" " tag="300"><subfield code="a">28 v. :</subfield><subfield code="b">ill.</subfield></datafield><datafield ind1=" " ind2=" " tag="310"><subfield code="a">Weekly</subfield></datafield><datafield ind1=" " ind2=" " tag="321"><subfield code="a">Semiweekly,</subfield><subfield code="b">Sept. 13, 1928-July 11, 1929</subfield></datafield><datafield ind1=" " ind2=" " tag="321"><subfield code="a">Weekly,</subfield><subfield code="b">July 18, 1929-June 17, 1937</subfield></datafield><datafield ind1=" " ind2=" " tag="321"><subfield code="a">Semiweekly,</subfield><subfield code="b">June 22, 1937-Sept. 15, 1938</subfield></datafield><datafield ind1="0" ind2=" " tag="362"><subfield code="a">Vol. 36, no. 63 (Sept. 13, 1928)-v. 63, no. 20 (July 28, 1955).</subfield></datafield><datafield ind1=" " ind2=" " tag="500"><subfield code="a">Title varies: Press-republican, May 28, 1953-Feb. 11, 1954.</subfield></datafield><datafield ind1=" " ind2=" " tag="500"><subfield code="a">Publisher varies.</subfield></datafield><datafield ind1=" " ind2=" " tag="500"><subfield code="a">Editors: C.W. Mason, Sept. 13-Nov. 12, 1928; W.T. Comstock, March 4, 1929-Oct. 1, 1942; H.D. Smith, Oct. 8, 1942-April 26, 1951; C.C. Clark, May 3, 1951-Dec. 31, 1953; G.O. Culver, Jan. 7-Feb. 18, 1954.</subfield></datafield><datafield ind1=" " ind2=" " tag="525"><subfield code="a">Supplement entitled: Victory volunteer, accompanies some issues, Aug. 13, 1942-Feb. 18, 1943.</subfield></datafield><datafield ind1=" " ind2=" " tag="530"><subfield code="a">Available on microfilm from The State Historical Society of Wisconsin.</subfield></datafield><datafield ind1=" " ind2=" " tag="752"><subfield code="a">United States</subfield><subfield code="b">Wisconsin</subfield><subfield code="c">Waupaca</subfield><subfield code="d">New London.</subfield></datafield><datafield ind1=" " ind2=" " tag="752"><subfield code="a">United States</subfield><subfield code="b">Wisconsin</subfield><subfield code="c">Outagamie</subfield><subfield code="d">New London.</subfield></datafield><datafield ind1="0" ind2="4" tag="780"><subfield code="t">New London press (New London, Wis. : 1925)</subfield><subfield code="w">(DLC)sn 86086353</subfield></datafield><datafield ind1="0" ind2="4" tag="780"><subfield code="t">New London republican</subfield><subfield code="w">(DLC)sn 85041580</subfield></datafield><datafield ind1="0" ind2="0" tag="785"><subfield code="t">New London daily press</subfield><subfield code="w">(DLC)sn 86086355</subfield></datafield><datafield ind1="1" ind2=" " tag="029"><subfield code="a">AU@</subfield><subfield code="b">000025827345</subfield></datafield></record>